@manual{sample,
  author = {TU Dortmund},
  title = {Versuch zum Literaturverzeichnis},
  year = 2014
}
@online{spez,
  author = {chemie.de},
  url = {http://www.chemie.de/lexikon/W%C3%A4rmeleitf%C3%A4higkeit.html},
  date = {06.11.2017}
  }
@online{versuch,
  url = {http://129.217.224.2/HOMEPAGE/PHYSIKER/BACHELOR/AP/SKRIPT/Waermeleitf.pdf},
  date = {06.11.2017}
}
